<?xml version="1.0" encoding="UTF-8"?>
<record xmlns="http://www.loc.gov/MARC21/slim">
  <leader>02226cam a2200325Ia 4500</leader>
  <controlfield tag="001">1714128</controlfield>
  <controlfield tag="005">20020512041100.0</controlfield>
  <controlfield tag="008">A00724s1850    nyu           000 0 eng d</controlfield>
  <datafield tag="010" ind1=" " ind2=" ">
    <subfield code="a">   96223044</subfield>
  </datafield>
  <datafield tag="019" ind1=" " ind2=" ">
    <subfield code="a">18250606</subfield>
    <subfield code="a">26479005</subfield>
    <subfield code="a">36004704</subfield>
    <subfield code="a">39347990</subfield>
    <subfield code="a">39981739</subfield>
  </datafield>
  <datafield tag="035" ind1=" " ind2=" ">
    <subfield code="a">ocm03833892</subfield>
    <subfield code="z">96223044</subfield>
  </datafield>
  <datafield tag="040" ind1=" " ind2=" ">
    <subfield code="a">RRR</subfield>
    <subfield code="c">RRR</subfield>
    <subfield code="d">CGU</subfield>
    <subfield code="d">OCL</subfield>
    <subfield code="d">IAY</subfield>
    <subfield code="d">DLC</subfield>
    <subfield code="d">BRL</subfield>
  </datafield>
  <datafield tag="043" ind1=" " ind2=" ">
    <subfield code="a">n-us---</subfield>
  </datafield>
  <datafield tag="049" ind1=" " ind2=" ">
    <subfield code="a">BRLL</subfield>
  </datafield>
  <datafield tag="090" ind1=" " ind2=" ">
    <subfield code="a">E450</subfield>
    <subfield code="b">.A51</subfield>
  </datafield>
  <datafield tag="099" ind1=" " ind2=" ">
    <subfield code="a">5574.57 no.4</subfield>
  </datafield>
  <datafield tag="099" ind1=" " ind2=" ">
    <subfield code="a">5574.50 no.6</subfield>
  </datafield>
  <datafield tag="110" ind1="2" ind2=" ">
    <subfield code="a">American and Foreign Anti-Slavery Society.</subfield>
  </datafield>
  <datafield tag="245" ind1="1" ind2="4">
    <subfield code="a">The Fugitive slave bill ;</subfield>
    <subfield code="b">its history and unconstitutionality : with an account of the seizure and enslavement of James Hamlet, and his subsequent restoration to liberty.</subfield>
  </datafield>
  <datafield tag="246" ind1="1" ind2="0">
    <subfield code="a">Pamphlets. Slavery. Legal aspect. :</subfield>
    <subfield code="i">no.4</subfield>
  </datafield>
  <datafield tag="260" ind1=" " ind2=" ">
    <subfield code="a">New York :</subfield>
    <subfield code="b">William Harned...,</subfield>
    <subfield code="c">1850.</subfield>
  </datafield>
  <datafield tag="300" ind1=" " ind2=" ">
    <subfield code="a">36 p. ;</subfield>
    <subfield code="c">19 cm.</subfield>
  </datafield>
  <datafield tag="500" ind1=" " ind2=" ">
    <subfield code="a">Preface signed: Lewis Tappan, Cor. Sec.</subfield>
  </datafield>
  <datafield tag="590" ind1=" " ind2=" ">
    <subfield code="a">Bound volume (5574.57) contains: 1. State of New York, in Supreme Court, Seth W. Benedict, ads. Daniel D. Nash / by Seth Williston Benedict. --  2. Constitutional argument against american slavery / by Gerrit Smith. --  3. Views of American Constitutional Law in its bearing upon american slavery / by William Goodell. --  4. The Fugitive Slave Bill: its history and unconstitutionality... . --  5. The Fugitive Slave Law and its victims. --  6. A sketch of the laws relating to slavery... / by George M. Strout. --  7. The duty of disobedience to the Fugitive Slave Act... / by L. Maria Child. --  8. Speech of John Hossack convicted of a violation of the Fugitive Slave Law... . --  9. Rights and duties of the United States relative to slavery under the laws of the war... / by David Lee Child. --  10. The abolition of slavery: the right of the government under the war power. --  11. The Law of Slavery in the United States / by Christian Charles Josias Bunsen. --  12. The Commander-in-Chief... / by Grosvenor P. Lowrey. --  13. Illegality of slavery / by Benjamin Shaw.</subfield>
  </datafield>
  <datafield tag="600" ind1="1" ind2="0">
    <subfield code="a">Hamlet, James.</subfield>
  </datafield>
  <datafield tag="610" ind1="1" ind2="0">
    <subfield code="a">United States.</subfield>
    <subfield code="t">Fugitive slave law (1850)</subfield>
  </datafield>
  <datafield tag="650" ind1=" " ind2="0">
    <subfield code="a">Slavery</subfield>
    <subfield code="z">United States</subfield>
    <subfield code="x">Controversial literature.</subfield>
  </datafield>
  <datafield tag="700" ind1="1" ind2=" ">
    <subfield code="a">Tappan, Lewis,</subfield>
    <subfield code="d">1788-1873.</subfield>
  </datafield>
  <datafield tag="962" ind1=" " ind2=" ">
    <subfield code="a">AFI-6691</subfield>
  </datafield>
  <datafield tag="994" ind1=" " ind2=" ">
    <subfield code="a">02</subfield>
    <subfield code="b">BRL</subfield>
  </datafield>
</record>
